@Misc{dpdkmbuf,
  author = 	 {DPDK Guide},
  title = 	 {{Mbuf Library}},
  howpublished = {\url{https://doc.dpdk.org/guides/prog_guide/mbuf_lib.html}},
  month = 	 {April},
  year = 	 2017}

@Misc{genericxdp,
  author = 	 {David Miller},
  title = 	 {{Generic XDP}},
  howpublished = {\url{https://lwn.net/Articles/720072/}},
  month = 	 {April},
  year = 	 2017}
@misc{mvp,
  author = 	 {David Miller},
  title = 	 {[{GIT} net-next] {Open vSwitch}},
  howpublished = {\url{https://www.spinics.net/lists/netdev/msg291696.html}},
  month = 	 {August},
  year = 	 2014
}
@misc{lwtunnel,
  author = 	 {Graf, T},
  title = 	 {{Lightweight flow based encapsulation. Linux kernel}},
  howpublished = {\url{https://lwn.net/Articles/651497/}},
  month = 	 {August},
  year = 	 2016
}
@misc{iproute2,
  author = 	 {Graf, T},
  title = 	 {{Lightweight flow based encapsulation. Linux kernel}},
  howpublished = {\url{https://lwn.net/Articles/651497/}},
  month = 	 {August},
  year = 	 2016
}
@misc{erspantype2,
  author = 	 {Tu, W},
  title = 	 {{ERSPAN version 2 (type III) support}},
  howpublished = {\url{https://lwn.net/Articles/741771/}},
  month = 	 {August},
  year = 	 2016
}
@misc{erspanmd,
  author = 	 {Tu, W},
  title = 	 {{gre: add collect\_md mode for ERSPAN tunnel}},
  howpublished = {{Linux kernel, commit}},
  month = 	 {August},
  year = 	 2016
}
@misc{ip6md,
  author = 	 {Tu, W},
  title = 	 {{ip6\_gre: add ip6\ gre and gretap collect\_md mode}},
  howpublished = {Linux kernel, commit 6712abc168eba},
  month = 	 {December},
  year = 	 2017
}
@misc{greseq,
  author = 	 {Tu, W},
  title = 	 {{gre: add sequence number for collect\ md mode.}},
  howpublished = {Linux kernel, commit 77a5196a804e},
  month = 	 {December},
  year = 	 2017
}
@misc{ip6erspanmd,
  author = 	 {Tu, W},
  title = 	 {{ip6\_gre: add ip6\ erspan collect\_md mode}},
  howpublished = {Linux kernel, commit ef7baf5e083c},
  month = 	 {December},
  year = 	 2017
}
@misc{ip6erspan,
  author = 	 {Tu, W},
  title = 	 {{ip6\_gre: add erspan v2 support}},
  howpublished = {Linux kernel, commit 94d7d8f29287},
  month = 	 {December},
  year = 	 2017
}
@misc{bso,
  author = 	 {Tu, W},
  title = 	 {{erspan: set bso bit based on mirrored packet's len}},
  howpublished = {Linux kernel, commit d48f1958ab7d},
  month = 	 {May},
  year = 	 2018
}
@inproceedings{ovs,
  title={The design and implementation of open vswitch},
  author={Pfaff, Ben and Pettit, Justin and Koponen, Teemu and Jackson, Ethan and Zhou, Andy and Rajahalme, Jarno and Gross, Jesse and Wang, Alex and Stringer, Joe and Shelar, Pravin and others},
  booktitle={12th USENIX symposium on networked systems design and implementation (NSDI 15)},
  pages={117--130},
  year={2015}
}
@article{daniel1,
  title={On getting tc classifier fully programmable with cls bpf.},
  author={Borkmann, Daniel},
  journal={NetDev 1.1},
  year={2016}
}

@article{daniel2,
  title={Advanced programmability and recent updates with tc's cls\_bpf.},
  author={Borkmann, Daniel},
  journal={NetDev 1.2},
  year={2016}
}
@article{tcsubsys,
  title={Linux Traffic Control Classifier-Action Subsystem Architecture},
  author={Salim, Jamal Hadi}
}
@inproceedings{nvp,
  title={Network Virtualization in Multi-tenant Datacenters.},
  author={Koponen, Teemu and Amidon, Keith and Balland, Peter and Casado, Mart{\'\i}n and Chanda, Anupam and Fulton, Bryan and Ganichev, Igor and Gross, Jesse and Ingram, Paul and Jackson, Ethan J and others},
  booktitle={NSDI},
  volume={14},
  pages={203--216},
  year={2014}
}
@misc{wireshark_erspan,
  author = 	 {Tu, W},
  title = 	 {ERSPAN: add link to protocol spec and refactoring.},
  howpublished = {Wireshark, commit 03bc58d07276},
  month = 	 {July},
  year = 	 2016
}
@misc{wireshark_erspan2,
  author = 	 {Tu, W},
  title = 	 {ERSPAN: support platform specific sub-header.},
  howpublished = {Wireshark, commit 147cac3af73d},
  month = 	 {July},
  year = 	 2016
}
@article{ovswoovs,
  title={{Openvswitch without Open vSwitch: The API and its users}},
  author={Stringer, Joe},
  journal={NetDev 2.1},
  year={2017}
}


@inproceedings{mccanne1993bsd,
  title={The {BSD} packet filter: A new architecture for user-level packet capture},
  author={McCanne, Steven and Jacobson, Van},
  booktitle={Proceedings of the USENIX Winter 1993 Conference},
  year={1993},
  organization={USENIX Association}
}

@misc{corbet2014bpf,
  title = {{BPF}: the universal in-kernel virtual machine},
  author = {Corbet, Jonathan},
  type = {Blog},
  year = {2014},
  howpublished = {\url{http://lwn.net/Articles/599755/}},
}

@misc{corbet2014ebpf,
  title = {Extending extended {BPF}},
  author = {Corbet, Jonathan},
  type = {Blog},
  year = {2014},
  howpublished = {\url{http://lwn.net/Articles/603983/}}
}

@inproceedings{mogul-pf,
 author = {Mogul, J. and Rashid, R. and Accetta, M.},
 title = {The Packet Filter: An Efficient Mechanism for User-level Network Code},
 booktitle = {Proceedings of the Eleventh ACM Symposium on Operating Systems Principles},
 series = {SOSP '87},
 year = {1987},
 isbn = {0-89791-242-X},
 location = {Austin, Texas, USA},
 pages = {39--51},
 numpages = {13},
 url = {http://doi.acm.org/10.1145/41457.37505},
 doi = {10.1145/41457.37505},
 acmid = {37505},
 publisher = {ACM},
 address = {New York, NY, USA},
} 

@Misc{linus-tanenbaum,
  author = 	 {Linus Torvalds and Andrew Tanenbaum},
  title = 	 {Linux is obsolete},
  howpublished = {comp.os.minix},
  month = 	 {January},
  year = 	 1992}

@inproceedings{cbpf,
  title={The {BSD} Packet Filter: A New Architecture for User-level Packet Capture.},
  author={McCanne, Steven and Jacobson, Van},
  booktitle={USENIX Winter},
  volume={46},
  year={1993}
}

@misc{CVE-2016-2074,
  author = 	 {Ben Pfaff},
  title = 	 {{CVE-2016-2074}: {MPLS} buffer overflow vulnerabilities in {Open vSwitch}},
  howpublished = {\url{https://mail.openvswitch.org/pipermail/ovs-announce/2016-March/000222.html}},
  month = 	 {March},
  year = 	 2016
}

@inproceedings{jackson2016softflow,
  title={{SoftFlow}: A middlebox architecture for {Open vSwitch}},
  author={Jackson, Ethan J and Walls, Melvin and Panda, Aurojit and Pettit, Justin and Pfaff, Ben and Rajahalme, Jarno and Koponen, Teemu and Shenker, Scott},
  booktitle={2016 Usenix Annual Technical Conference (USENIX ATC 16)},
  pages={15--28},
  year={2016},
  organization={USENIX Association}
}

@Misc{dpdk,
  author =       {Intel and others},
  title = 	 {{DPDK}: Data Plane Development Kit},
  howpublished = {\url{http://dpdk.org/}}}

@Misc{rbpf,
  author = 	 {Quentin Monnet and others},
  title = 	 {{rbpf}: {Rust} (user-space) virtual machine for {eBPF}},
  howpublished = {\url{https://github.com/qmonnet/rbpf}}}

@Misc{bcc,
  author = 	 {Brenden Blanco and Brendan Gregg and Sasha
                  Goldshtein and others},
  title = 	 {{BPF} Compiler Collection ({BCC})},
  howpublished = {\url{https://github.com/iovisor/bcc}}}

@misc{stt_reject,
  author = 	 {David Miller},
  title = 	 {net: Add {STT} support.},
  howpublished = {\url{https://www.spinics.net/lists/netdev/msg314619.html}},
  month = 	 {January},
  year = 	 2015
}

@misc{emc_reject,
  author = 	 {David Miller},
  title = 	 {[{GIT} net-next] {Open vSwitch}},
  howpublished = {\url{https://www.spinics.net/lists/netdev/msg291696.html}},
  month = 	 {August},
  year = 	 2014
}

%https://www.spinics.net/lists/netdev/msg291696.html

@Misc{iovisor-use-cases,
  title = 	 {Use Cases: {IO Visor} Project},
  howpublished = {\url{https://www.iovisor.org/technology/use-cases}},
  month = 	 {May},
  year = 	 2017}
@inproceedings{ovs,
  title={The design and implementation of open vswitch},
  author={Pfaff, Ben and Pettit, Justin and Koponen, Teemu and Jackson, Ethan and Zhou, Andy and Rajahalme, Jarno and Gross, Jesse and Wang, Alex and Stringer, Joe and Shelar, Pravin and others},
  booktitle={12th USENIX symposium on networked systems design and implementation (NSDI 15)},
  pages={117--130},
  year={2015}
}

@article{pisces,
  title={{PISCES}: A Programmable, Protocol-Independent Software Switch},
  author={Shahbaz, Muhammad and Choi, Sean and Pfaff, Ben and Kim, Changhoon and Feamster, Nick and McKeown, Nick and Rexford, Jennifer},
  journal={ACM SIGCOMM},
  year={2016}
}

@article{benp4ovs,
  title={P4 and open vswitch},
  author={Ben Pfaff},
  journal={http://p4.org/p4/p4-and-open-vswitch/},
  year={2015}
}

@article{p4ovspatch,
  title={P4 support in {OVS}},
  author={Shahbaz, Muhammad},
  journal={https://www.mail-archive.com/dev@openvswitch.org/msg70231.html},
  year={2016}
}

@article{daniel1,
  title={On getting tc classifier fully programmable with cls bpf.},
  author={Borkmann, Daniel},
  journal={NetDev 1.1},
  year={2016}
}

@article{daniel2,
  title={Advanced programmability and recent updates with tc's cls\_bpf.},
  author={Borkmann, Daniel},
  journal={NetDev 1.2},
  year={2016}
}

@article{nicxdp,
  title={eBPF Hardware Offload to SmartNICs: cls bpf and XDP.},
  author={Kicinski, Jakub and Viljoen, Nicolaas}
}

@article{xdp,
  title={XDP â€“ eXpress Data Path, Intro and future use-cases.},
  author={Jesper Dangaard Brouer},
  journal={NetDev 1.2},
  year={2016}
}

@article{tcoffload,
  title={Using SR-IOV offloads with Open-vSwitch and similar applications.},
  author={Rony E., Or G.},
  journal={NetDev 1.2},
  year={2016}
}

@inproceedings{radio15bpf,
  title={Accelerating NSX Feature Deployment via Extensibility.},
  author={Stringer, Joe and Zhou, Andy and Pfaff, Ben and Pettit, Justin},
  booktitle={VMware RADIO},
  year={2015}
}

@article{ovsbpfms,
  title={{OVS} + {BPF}, make sense?},
  author={ovs-dev mailing list},
  journal={https://mail.openvswitch.org/pipermail/ovs-dev/2014-December/293395.html},
  year={2014}
}

@article{ovstc,
  title={Implementing Open vSwitch datapath using TC},
  author={P{\'\i}rko, Ji{\v{r}}{\'\i} and Hat, Red},
  journal={Proceedings of Netdev 0.1},
  year={2015}
}

@article{tcsubsys,
  title={Linux Traffic Control Classifier-Action Subsystem Architecture},
  author={Salim, Jamal Hadi}
}

@article{inkev,
  title={InKeV: In-Kernel Distributed Network Virtualization for DCN},
  author={Ahmed, Zaafar and Alizai, Muhammad Hamad and Syed, Affan A},
  journal={ACM SIGCOMM CCR},
  year={2016}
}

@misc{danial1,
  title={On getting tc classifier fully programmable with cls bpf.},
  author={Borkmann, Daniel},
  publisher={NetDev 1.1}
}

@inproceedings{ebpfperf,
  title={bpf: add event output helper for notifications/sampling/logging.},
  author={Borkmann, D. and Starovoitov, A.},
  booktitle={Linux kernel, commit bd570ff970a5.},
  year={2016}
}

@inproceedings{ebpfperf2,
  title={bpf: avoid stack copy and use skb ctx for event output.},
  author={Borkmann, D.},
  booktitle={Linux kernel, commit 555c8a8623a3.},
  year={2016}
}

@inproceedings{dpa1,
  title={bpf: direct packet access.},
  author={Starovoitov, A.},
  booktitle={Linux kernel, commit 969bf05eb3ce.},
  year={2016}
}

@inproceedings{dpa2,
  title={bpf: direct packet write and access for helpers for clsact progs.},
  author={Borkmann, D.},
  booktitle={Linux kernel, commit 36bbef52c7eb.},
  year={2016}
}

@inproceedings{bpfpmap,
  title={bpf: add support for persistent maps/progs.},
  author={Borkmann, D.; Starovoitov, A.; and Sowa, H. F.},
  booktitle={Linux kernel, commit b2197755b263.},
  year={2015}
}

@inproceedings{x86jit,
  title={net: filter: x86: internal bpf jit.},
  author={Starovoitov, A.},
  booktitle={Linux kernel, commit 622582786c9e.},
  year={2014d}
}

@inproceedings{tailcall,
  title={bpf: allow bpf programs to tail-call other bpf programs.},
  author={Starovoitov, A.},
  booktitle={Linux kernel, commit 04fd61ab36ec.},
  year={2015a}
}

@inproceedings{tracing,
  title={tracing, perf: Implement bpf programs attached to kprobes.},
  author={Starovoitov, A.},
  booktitle={Linux kernel, commit 2541517c32be.},
  year={2015b}
}

@article{bcc,
  title={{BCC} - Tools for BPF-based Linux IO analysis, networking, monitoring, and more},
  author={BCC Authors},
  journal={https://github.com/iovisor/bcc},
  year={2016}
}

@article{iovisor,
  title={{IO} {V}isor {P}roject},
  journal={https://www.iovisor.org/},
  year={2016}
}

@article{cilium,
  title={{BPF} and {XDP} for containers.},
  author={Cilium Authors.},
  journal={https://github.com/cilium/cilium},
  year={2016}
}

@article{iovisorovs16,
  title={Coupling the Flexibility of OVN with the Efficiency of IOVisor: Architecture and Demo},
  author={ Fulvio Risso and Matteo Bertrone, Politecnico di Torino},
  journal={OVS Fall Conference},
  year={2016}
}

@Misc{p4ebpf,
   author =	{Mihai Budiu},
   title =	{Compiling {P4} to {eBPF}},
   month =	{September},
   year =	{2015},
   howpublished =	{https://github.com/iovisor/bcc/tree/master/src/cc/frontends/p4}
}

@article{p4,
  title={P4: Programming protocol-independent packet processors},
  author={Bosshart, Pat and Daly, Dan and Gibb, Glen and Izzard, Martin and McKeown, Nick and Rexford, Jennifer and Schlesinger, Cole and Talayco, Dan and Vahdat, Amin and Varghese, George and others},
  journal={ACM SIGCOMM Computer Communication Review},
  volume={44},
  number={3},
  pages={87--95},
  year={2014},
  publisher={ACM}
}

@inproceedings{hyperP4,
  title={HyPer4: Using P4 to Virtualize the Programmable Data Plane},
  author={Hancock, David and van der Merwe, Jacobus},
  booktitle={Proceedings of the 12th International on Conference on emerging Networking EXperiments and Technologies},
  pages={35--49},
  year={2016},
  organization={ACM}
}

@article{conntrackpatch,
  title={{OVS} conntrack support.},
  author={Joe Stringer},
  journal={https://lwn.net/Articles/633401/},
  year={2016}
}

@inproceedings{conntrackpatch2,
  title={{OVS} conntrack support.},
  author={Joe Stringer},
  booktitle={https://lwn.net/Articles/633401/},
  year={2016}
}

@article{lwnebpf,
  title={Extending extended BPF.},
  author={Jonathan Corbet},
  journal={https://lwn.net/Articles/603983/},
  year={2014}
}

@inproceedings{specialdp,
  title={Dataplane Specialization for High-performance OpenFlow Software Switching},
  author={Moln{\'a}r, L{\'a}szl{\'o} and Pongr{\'a}cz, Gergely and Enyedi, G{\'a}bor and Kis, Zolt{\'a}n Lajos and Csikor, Levente and Juh{\'a}sz, Ferenc and K{\H{o}}r{\"o}si, Attila and R{\'e}tv{\'a}ri, G{\'a}bor},
  booktitle={Proceedings of the 2016 conference on ACM SIGCOMM 2016 Conference},
  pages={539--552},
  year={2016},
  organization={ACM}
}

@inproceedings{jitk,
  title={Jitk: A trustworthy in-kernel interpreter infrastructure},
  author={Wang, Xi and Lazar, David and Zeldovich, Nickolai and Chlipala, Adam and Tatlock, Zachary},
  booktitle={11th USENIX Symposium on Operating Systems Design and Implementation (OSDI 14)},
  pages={33--47},
  year={2014}
}

@article{shi2008virtual,
  title={Virtual machine showdown: Stack versus registers},
  author={Shi, Yunhe and Casey, Kevin and Ertl, M Anton and Gregg, David},
  journal={ACM Transactions on Architecture and Code Optimization (TACO)},
  volume={4},
  number={4},
  pages={2},
  year={2008},
  publisher={ACM}
}

@inproceedings{bpfp,
  title={BPF+: Exploiting global data-flow optimization in a generalized packet filter architecture},
  author={Begel, Andrew and McCanne, Steven and Graham, Susan L},
  booktitle={ACM SIGCOMM Computer Communication Review},
  volume={29},
  number={4},
  pages={123--134},
  year={1999},
  organization={ACM}
}

@inproceedings{rcu,
  title={Read-copy update},
  author={McKenney, Paul E and Appavoo, Jonathan and Kleen, Andi and Krieger, Orran and Russell, Rusty and Sarma, Dipankar and Soni, Maneesh},
  booktitle={Ottawa Linux Symposium Conference Proceedings},
  pages={175},
  year={2001},
  organization={Ottawa Linux Symposium}
}

@inproceedings{int,
  title={In-band network telemetry via programmable dataplanes},
  author={Kim, Changhoon and Sivaraman, Anirudh and Katta, Naga and Bas, Antonin and Dixit, Advait and Wobker, Lawrence J},
  booktitle={ACM SIGCOMM},
  year={2015}
}

@InProceedings{hymnal,
  author = 	 {Justin Pettit and Ben Pfaff and Joe Stringer and Cheng-Chun Tu and Brenden Blanco and Alex Tessmer},
  title = 	 {Bringing Platform Harmony to {VMware NSX}},
  booktitle = {ACM SIGOPS Operating Systems Review},
  year = 	 2017,
}

@inproceedings{shahbaz2016pisces,
  title={Pisces: A programmable, protocol-independent software switch},
  author={Shahbaz, Muhammad and Choi, Sean and Pfaff, Ben and Kim, Changhoon and Feamster, Nick and McKeown, Nick and Rexford, Jennifer},
  booktitle={Proceedings of the 2016 conference on ACM SIGCOMM 2016 Conference},
  pages={525--538},
  year={2016},
  organization={ACM}
}
@misc{rdma,
 title = "{RDMA - Remote Direct Memory Access}",
 year = {2018},
 howpublished = "URL \url{http://www.rdmaconsortium.org/}"
}

@misc{dpdk,
 author = "{DPDK Community}",
 title = "{DPDK - DataPlane Development Kit}",
 year = {2018},
 howpublished = "URL \url{http://www.dpdk.org/}"
}

@misc{exanic,
 author = "{ExaBlaze}",
 year = {2018},
 title = "{ExaNIC}",
 howpublished = "URL \url{http://exablaze.com/}"
}

@misc{openonload,
 author = "{SolarFlare}",
 year = {2018},
 title = "{OpenOnload}",
 howpublished = "URL \url{http://openonload.org/}"
}

@misc{libpcap,
 title = "libpcap and tcpdump",
 year = {2018},
 howpublished = "URL \url{http://www.tcpdump.org/}"
}

@misc{i40e,
 title = "{I40E} - Intel 40Gb/s Ethernet Network Adapter",
 year = {2018},
 howpublished = "URL \url{https://www.intel.com/content/www/us/en/products/network-io/ethernet/10-25-40-gigabit-adapters.html}"
}

@misc{virtio_ring,
 author = "Michael Tsirkin",
 year = {2017},
 title = "packed ring layout proposal v2",
 howpublished = "URL \url{https://lists.oasis-open.org/archives/virtio-dev/201702/msg00010.html}"
}

@misc{tsirkin_ring_optimization,
 author = "Michael Tsirkin",
 year = {2017},
 title = "ptr\_ring: batch ring zeroing",
 howpublished = "URL \url{https://lkml.org/lkml/2017/4/7/19}"
}

@misc{russel_vringfd,
 author = "Rusty Russel",
 year = {2008},
 title = "vringfd()",
 howpublished = "URL \url{https://lwn.net/Articles/276856/}"
}

@misc{xdp,
 year = {2018},
 title = "{XDP: eXpress Data Path}",
 howpublished = "URL \url{https://www.iovisor.org/technology/xdp}"
}

@misc{af_xdp_patch,
 author = "Magnus Karlsson and Bj{\"o}rn T{\"o}pel",
 year = {2018},
 title = "{The AF\_XDP patch set}",
 howpublished = "URL \url{https://lwn.net/Articles/750293/}"
}

@misc{af_xdp_patch_zc,
 author = "Magnus Karlsson and Bj{\"o}rn T{\"o}pel", 
 year = {2018},
 title = "{Zero-copy support for AF\_XDP}",
 howpublished = "URL \url{https://lwn.net/Articles/756549/}"
}

@misc{af_xdp_patch_i40e,
 author = "Magnus Karlsson and Bj{\"o}rn T{\"o}pel",
 year = {2018},
 title = "{AF\_XDP zero-copy support for I40E}",
 howpublished = "URL \url{https://patchwork.ozlabs.org/cover/962906/}"
}

@misc{af_xdp_lwn,
 author = "Jonathan Corbet",
 year = {2018},
 title = "{Accelerating networking with AF\_XDP}",
 howpublished = "URL \url{https://lwn.net/Articles/750845/}"
}

@misc{retpoline,
 author = "Paul Turner",
 year = {2018},
 title = "{Retpoline: a software construct for preventing branch-target-injection}",
 howpublished = "URL \url{https://support.google.com/faqs/answer/7625886}"
}

@misc{jesper_xdp_perf_drop,
 author = "Jesper {Dangaard Brouer}",
 year = {2018},
 title = "{XDP performance regression due to CONFIG\_RETPOLINE Spectre V2}",
 howpublished = "URL \url{https://lkml.org/lkml/2018/4/12/285}",
}

@misc{jesper_batching,
 author = "Jesper {Dangaard Brouer}",
 year = {2018},
 title = "{Focusing the XDP project}",
 howpublished = "URL \url{https://lists.openwall.net/netdev/2017/02/20/29}",
}

@misc{fdio_one_tbits,
 author = "Jeska Duman",
 year = {2017},
 title = "{FD.io Doubles Packet Throughput Performance to Terabit Levels}",
 howpublished = "URL \url{https://fd.io/2017/07/fdio-doubles-packet-throughput-performance-terabit-levels/}",
}

@inproceedings{af_packet_v4,
 author = "Karlsson, Magnus and T{\"o}pel, Bj{\"o}rn and Fastabend, John",
 title = "{AF\_PACKET V4} and {PACKET\_ZEROCOPY}",
 booktitle = "Netdev Conference 2.2",
 year = {2017},
 location = {Seoul, South Korea},
 url = {https://www.netdevconf.org/2.2/papers/karlsson-afpacket-talk.pdf},
}

@inproceedings{busy_poll,
 author = "Eric Dumazet",
 title = "{BUSY POLLING}: past, present, future",
 booktitle = "Netdev Conference 2.1",
 year = {2017},
 location = {Montreal, Canada},
 url = {https://netdevconf.org/2.1/slides/apr6/dumazet-BUSY-POLLING-Netdev-2.1.pdf},
}

@misc{af_packet_performance,
 author = "Pavel Odintsov",
 title = "Capturing Packets in Linux at a Speed of Millions of Packets per Second without Using Third Party Libraries",
 howpublished = "URL \url{https://kukuruku.co/post/capturing-packets-in-linux-at-a-speed-of-millions-of-packets-per-second-without-using-third-party-libraries/}",
}

@inproceedings{dpdk_pfring_netmap,
 author = {Gallenm\"{u}ller, Sebastian and Emmerich, Paul and Wohlfart, Florian and Raumer, Daniel and Carle, Georg},
 title = {Comparison of Frameworks for High-Performance Packet IO},
 booktitle = {Proceedings of the Eleventh ACM/IEEE Symposium on Architectures for Networking and Communications Systems},
 series = {ANCS '15},
 year = {2015},
 isbn = {978-1-4673-6632-8},
 location = {Oakland, California, USA},
 pages = {29--38},
 publisher = {IEEE Computer Society},
}

@inproceedings {pfring,
author = {Luca Deri},
title = {Improving Passive Packet Capture: Beyond Device Polling},
booktitle = {International System Administration and Network Engineering Conference (SANE)},
year = {2004},
address = {Amsterdam, The Netherlands},
}

@inproceedings {netmap,
author = {Luigi Rizzo},
title = {netmap: A Novel Framework for Fast Packet I/O},
booktitle = {2012 {USENIX} Annual Technical Conference ({USENIX} {ATC} 12)},
year = {2012},
isbn = {978-931971-93-5},
address = {Boston, MA},
pages = {101--112},
url = {https://www.usenix.org/conference/atc12/technical-sessions/presentation/rizzo},
publisher = {{USENIX} Association},
}
